<?xml version="1.0" encoding="UTF-8"?><collection xmlns="http://www.loc.gov/MARC21/slim"><record><leader>00475nam--2200145-i-4500</leader><controlfield tag="001">000013809</controlfield><controlfield tag="002">20161230</controlfield><controlfield tag="005">20161230201030</controlfield><controlfield tag="008">060222s1000------------r-----000-0-eng-d</controlfield><datafield ind1=" " ind2=" " tag="080"><subfield code="a">528(047.3)</subfield></datafield><datafield ind1=" " ind2=" " tag="100"><subfield code="a">Caloi, P</subfield></datafield><datafield ind1=" " ind2=" " tag="245"><subfield code="a">Sesse dell alto adriatico con particolare rigu ardo al golfo di trieste</subfield></datafield><datafield ind1=" " ind2=" " tag="260"><subfield code="a">Venezia,Consiglio Nazionale Delle Ricerche, 1938. 39 P</subfield></datafield><datafield ind1=" " ind2=" " tag="490"><subfield code="a">Consiglio Nazionale Delle Recerche R.Comitat Talassografico Italiano Memoria</subfield></datafield><datafield ind1=" " ind2=" " tag="852"><subfield code="a">47530</subfield></datafield></record></collection>